@misc{bloom,
    author =       "Burton H. Bloom ",
    title =        "{Space/Time Trade-offs in Hash Coding with Allowable Errors}.",
    year =         "1970",
    howpublished = "\url{http://crystal.uta.edu/~mcguigan/cse6350/papers/Bloom.pdf}",
}

@misc{cuckoo,
    author =       "Bin Fan and David G. Andersen and Michael Kaminsky and Michael D. Mitzenmacher",
    title =        "{Cuckoo Filter: Practically Better Than Bloom}.",
    year =         "2014",
    howpublished = "\url{https://www.cs.cmu.edu/~dga/papers/cuckoo-conext2014.pdf}",
}

@misc{heavykeeper,
    author =       "Junzhi Gong and Tong Yang and Haowei Zhang and Hao Li",
    title =        "{HeavyKeeper: An Accurate Algorithm for Finding Top-k Elephant Flows}.",
    year =         "2018",
    howpublished = "\url{https://www.usenix.org/system/files/conference/atc18/atc18-gong.pdf}",
}

@misc{countminsketch,
    author =       "Graham Cormode",
    title =        "{Count-Min Sketch}.",
    year =         "2018",
    howpublished = "\url{http://dimacs.rutgers.edu/~graham/pubs/papers/cmencyc.pdf}",
}

@misc{cm,
    author =       "Graham Cormode and S. Muthukrishnan",
    title =        "{An Improved Data Stream Summary: The Count-Min Sketch and its Applications}.",
    year =         "2003",
    howpublished = "\url{http://www.eecs.harvard.edu/~michaelm/CS222/countmin.pdf}",
}

@misc{bfmaliciousurl,
    author = "K. Nandhini and Ramesh Balasubramaniam",
    title = "{Malicious Website Detection Using Probabilistic Data Structure Bloom Filter}.",
    year = "2019",
    howpublished = "\url{https://www.semanticscholar.org/paper/Malicious-Website-Detection-Using-Probabilistic-Nandhini-Balasubramaniam/0c1641a5d4669cadd4a07f03105db9e9a0d2876e}",
}

@misc{bfbitcoin,
    author = "Arthur Gervais and Ghassan O. Karame and Damian Gruber and Srdjan Capkun",
    title = "{On the Privacy Provisions of Bloom Filters in Lightweight Bitcoin Clients}.",
    year = "2014",
    howpublished = "\url{https://eprint.iacr.org/2014/763.pdf}",
}

@misc{shrimpton,
    author = "David Clayton and Christopher Patton and Thomas Shrimpton",
    title = "{Probabilistic Data Structures in Adversarial Environments}.",
    year = "2019",
    howpublished = "\url{https://eprint.iacr.org/2019/1221.pdf}",
}

@misc{bfanalysis,
    author = "Lailong Luo and Deke Guo and Richard T.B. Ma and Ori Rottenstreich and Xueshan Luo",
    title = "{Optimizing Bloom Filter: Challenges, Solutions, and Comparisons}.",
    year = "2019",
    howpublished = "\url{https://arxiv.org/pdf/1804.04777.pdf}",
}

@misc{cfanalysis,
    author = "David Eppstein",
    title = "{Cuckoo Filter: Simplification and Analysis}.",
    year = "2016",
    howpublished = "\url{https://arxiv.org/pdf/1604.06067.pdf}",
}

@misc{countingquotient,
    author = "Pandey and al.",
    title = "{A general purpose counting filter: making every bit count}.",
    year = "2017",
    howpublished = "\url{https://blog.acolyer.org/2017/08/08/a-general-purpose-counting-filter-making-every-bit-count/}",
}

@misc{pwdmicrosoft,
    author = "Stuart Schechter and Cormac Herley and Michael Mitzenmacher",
    title = "{Popularity IS everything}.",
    year = "2016",
    howpublished = "\url{https://www.microsoft.com/en-us/research/wp-content/uploads/2016/02/popularityISeverything.pdf}",
}

@misc{linkspam,
    author = "Luca Becchetti and Carlos Castillo and Debora Donato and Stefano Leonardi and Ricardo Baeza-Yates",
    title = "{Using Rank Propagation and Probabilistic Counting for Link-Based Spam Detection}.",
    year = "2006",
    howpublished = "\url{https://chato.cl/papers/becchetti_06_automatic_link_spam_detection_rank_propagation.pdf}",
}

@misc{redishll,
    author = "antirez",
    title = "{Redis new data structure: the HyperLogLog}.",
    year = "2014",
    howpublished = "\url{https://github.com/antirez/redis/blob/unstable/src/hyperloglog.c}",
}

@misc{redistopk,
    author = "Ariel Shtul",
    title = "{Meet Top-K: an Awesome Probabilistic Addition to RedisBloom}.",
    year = "2019",
    howpublished = "\url{https://redislabs.com/blog/meet-top-k-awesome-probabilistic-addition-redisbloom/}",
}

@misc{rediscm,
    author = "Itamar Haber",
    title = "{Count Min Sketch: The Art and Science of Estimating Stuff}.",
    year = "2016",
    howpublished = "\url{https://redislabs.com/blog/count-min-sketch-the-art-and-science-of-estimating-stuff/}",
}

@misc{qfpacket,
    author = "Mohammad Al-hisnawi and Mahmood Ahmadi,",
    title = "{Deep Packet Inspection Using Quotient Filter}.",
    year = "2016",
    howpublished = "\url{https://ieeexplore.ieee.org/document/7548376}",
}

@misc{hllpratice,
    author = "Stefan Heule and Marc Nunkesser and Alexander Hall",
    title = "{HyperLogLog in Practice: Algorithmic Engineering of a State of The Art Cardinality Estimation Algorithm}.",
    year = "2018",
    howpublished = "\url{https://storage.googleapis.com/pub-tools-public-publication-data/pdf/40671.pdf}",
}

@misc{hllpostgres,
    author = "Murat Tuncer",
    title = "{HyperLogLog in Postgres}.",
    year = "2017",
    howpublished = "\url{https://www.citusdata.com/blog/2017/12/22/distributed-count-vs-hyperloglog/}",
}

@misc{morton,
    author = "Alex Breslow and Nuwan Jayasena",
    title = "{Morton Filters: Faster, Space-efficient Cuckoo Filters via Biasing, Compression, and Decoupled Logical Sparsity}.",
    year = {2018},
    howpublished = "\url{https://doi.org/10.14778/3213880.3213884}",
}

@misc{tdigest,
    author = "Ted Dunning and Otmar Ertl",
    title = "{Computing Extremely Accurate Quantiles Using t-Digests}.",
    year = "2019",
    howpublished = "\url{https://arxiv.org/pdf/1902.04023.pdf}",
}

@misc{bfpacket,
    title = "{Deep Packet Inspection using Parallel Bloom Filters}.",
    author = "Sarang Dharmapurikar and Praveen Krishnamurthy and Todd Sproull and John Lockwood",
    year = "2004",
    howpublished = "\url{https://research.engineering.wustl.edu/~todd/hoti.pdf}",
}

@misc{ethpaper,
    author = "Gavin Wood",
    title = "{Ethereum: A Secure Decentralised Generalised Transaction Ledger}.",
    year = "2019",
    howpublished = "\url{http://gavwood.com/Paper.pdf}",
}

@misc{pca,
    author = "Peter Clifford and Ioana Cosma",
    title = "{A Statistical Analysis of Probabilistic Counting Algorithms}.",
    year = "2010",
    howpublished = "\url{https://arxiv.org/pdf/0801.3552.pdf}",
}

@misc{loglog,
    author = "Marianne Durand and Philippe Flajolet",
    title = "{LogLog Counting of Large Cardinalities}.",
    year = "2003",
    howpublished = "\url{http://algo.inria.fr/flajolet/Publications/DuFl03.pdf}",
}

@misc{hll2, 
    author = "Philippe Flajolet and Eric Fusy and Olivier Gandouet and Frederic Meunier",
    title = "{HyperLogLog: the analysis of a near-optimal cardinality estimation algorithm}.",
    year = "2007",
    howpublished = "\url{http://algo.inria.fr/flajolet/Publications/FlFuGaMe07.pdf}",
}

@misc{cardestprivacy,
    title = "{Cardinality Estimators do not Preserve Privacy}.",
    author = "Damien Desfontaines and Andreas Lochbihler and David Basin",
    year = "2018",
    howpublished = "\url{https://arxiv.org/pdf/1808.05879.pdf}",
}

@misc{hllvuln,
    title = "{Security Of HyperLogLog Cardinality Estimation: Vulnerabilities And Protection}.",
    author = "Pedro Reviriego and Daniel Ting",
    year = "2020",
    howpublished = "\url{https://arxiv.org/pdf/2002.06463.pdf}",
}

@misc{portscanhll,
    title = "{How can sliding HyperLogLog and EWMA detect port scan attacks in IP traffic?}",
    author = "Yousra Chabchoub and Raja Chiky and Betul Dogan",
    year = "2014",
    howpublished = "\url{https://citeseerx.ist.psu.edu/viewdoc/summary?doi=10.1.1.679.3342}",
}

@misc{flexswitch,
    author = "Naveen Kr. Sharma and Antoine Kaufmann and Thomas Anderson and Changhoon Kim and Arvind Krishnamurthy and Jacob Nelson and Simon Peter",
    title = "{Evaluating the Power of Flexible Packet Processing for Network Resource Allocation}.",
    year = "2017",
    howpublished = "\url{https://www.usenix.org/sites/default/files/conference/protected-files/nsdi17_slides_sharma.pdf}",
}

@misc{cfpacket,
    year = "2017",
    author = "Mohammad Al-hisnawi and Mahmood Ahmadi",
    title = "{Deep packet inspection using Cuckoo filter}.",
    howpublished = "\url{https://ieeexplore.ieee.org/document/7976111}",
}

@misc{cuckoonetwork,
    title = "{Towards Application of Cuckoo Filters in Network Security Monitoring}.",
    author = "Jan Grashofer and Florian Jacob and Hannes Hartenstein",
    year = "2018",
    howpublished = "\url{https://publikationen.bibliothek.kit.edu/1000089165}",
}

@misc{broex,
    title = "{A Lone Wolf No More: Supporting Network Intrusion Detection with Real-Time Intelligence}.",
    author = "Bernhard Amann and Robin Sommer and Aashish Sharma and Seth Hall",
    year = "2012",
    howpublished = "\url{https://www.icir.org/robin/papers/raid12-input.pdf}",
}

@misc{bfnetwork,
    title = "{Network Applications of Bloom Filters: A Survey}.",
    author = "Andrei Broder and Michael Mitzenmacher",
    year = "2002",
    howpublished = "\url{https://citeseerx.ist.psu.edu/viewdoc/summary?doi=10.1.1.20.98}",
}

@misc{fbhll, 
    howpublished = "\url{https://engineering.fb.com/data-infrastructure/hyperloglog/}",
    author = "Mehrdad Honarkhah and Arya Talebzadeh",
    title = "{HyperLogLog in Presto: A significantly faster way to handle cardinality estimation}.",
    year = "2018",
}

@misc{slidinghll,
    author = "Chabchoub Y and Hebrail G",
    year = "2010",
    title = "{Sliding HyperLogLog: estimating cardinality in a data stream over a sliding window}.",
    howpublised = "\url{}",
}

@misc{clahll,
    title = {HyperLogLog by clarkduvall},
    howpublished = {Online: \url{https://github.com/clarkduvall/hyperloglog}},
    month = nov,
    year = 2017,
}

@misc{murmur3code,
    title = {MurMur3 by spaolacci},
    howpublished = {Online: \url{https://github.com/spaolacci/murmur3}},
    month = mar,
    year = 2019,
}

@misc{cashll,
    title = {Apache Cassandra},
    howpublished = {Online: \url{https://github.com/clarkduvall/hyperloglog}},
    month = nov,
    year = 2017,
}

@misc{druhll,
    title = {Apache Druid},
    howpublished = {Online: \url{https://github.com/apache/druid/blob/master/hll/src/main/java/org/apache/druid/hll/HyperLogLogCollector.java}},
    month = apr,
    year = 2020,
}

@misc{spahll,
    title = {Apache Spark},
    howpublished = {Online: \url{https://databricks.com/blog/2019/05/08/advanced-analytics-with-apache-spark.html}},
    month = jun,
    year = 2019,
}

@misc{spahll2,
    title = {Spark Alchemy},
    howpublished = {Online: \url{https://github.com/swoop-inc/spark-alchemy/tree/master/alchemy/src/main/scala/com/swoop/alchemy/spark/expressions/hll}},
    month = oct,
    year = 2019,
}



@misc{algebirdhll,
    title = {Algebird},
    howpublished = {Online: \url{https://github.com/twitter/algebird/blob/develop/algebird-core/src/main/scala/com/twitter/algebird/HyperLogLog.scala}},
    month = apr,
    year = 2020,
}


@misc{datasketch,
    title = {HyperLogLog by ekzhu},
    howpublished = {Online: \url{https://github.com/ekzhu/datasketch/blob/master/datasketch/hyperloglog.py}},
    month = jul,
    year = 2019,
}

@misc{airlift,
    title = {Facebook Airlift},
    howpublished = {Online: \url{https://github.com/airlift/airlift/blob/master/stats/src/main/java/io/airlift/stats/cardinality/HyperLogLog.java}},
    month = dec,
    year = 2019,
}

@misc{redis,
    title = {Redis},
    howpublished = {Online: \url{https://github.com/antirez/redis/blob/unstable/src/hyperloglog.c}},
    month = jan,
    year = 2020,
}

@misc{bigquery,
    title = {BigQuery},
    howpublished = {Online: \url{https://github.com/google/zetasketch/blob/master/java/com/google/zetasketch/HyperLogLogPlusPlus.java}},
    month = jul,
    year = 2017,
}